<?xml version="1.0" encoding="UTF-8"?>
<collection xmlns:xsi="http://www.w3.org/2001/XMLSchema-instance" xsi:schemaLocation="http://www.loc.gov/MARC21/slim http://www.loc.gov/standards/marcxml/schema/MARC21slim.xsd" xmlns="http://www.loc.gov/MARC21/slim">
<record>
  <leader>00936cam a22002411  4500</leader>
  <controlfield tag="001">3122405</controlfield>
  <controlfield tag="003">NNC</controlfield>
  <controlfield tag="005">20130426022628.0</controlfield>
  <controlfield tag="008">011025m19231930ua            000 0 ara d</controlfield>
  <datafield tag="035" ind1=" " ind2=" ">
    <subfield code="a">(OCoLC)ocm48210376</subfield>
  </datafield>
  <datafield tag="035" ind1=" " ind2=" ">
    <subfield code="9">ATV4699CU</subfield>
  </datafield>
  <datafield tag="035" ind1=" " ind2=" ">
    <subfield code="a">(NNC)3122405</subfield>
  </datafield>
  <datafield tag="040" ind1=" " ind2=" ">
    <subfield code="a">ZCU</subfield>
    <subfield code="c">ZCU</subfield>
  </datafield>
  <datafield tag="099" ind1=" " ind2=" ">
    <subfield code="a">893.799</subfield>
    <subfield code="a">Ib6</subfield>
  </datafield>
  <datafield tag="100" ind1="1" ind2=" ">
    <subfield code="a">Ibn Qudāmah, Muwaffaq al-Dīn ʻAbd Allāh ibn Aḥmad,</subfield>
    <subfield code="d">1147-1223.</subfield>
  </datafield>
  <datafield tag="245" ind1="1" ind2="3">
    <subfield code="a">al-Mughnī,</subfield>
    <subfield code="c">taʾlīf ... Abū Muḥammad ʻAbd Allāh ibn Aḥmad ibn Muḥammad ibn Qudāmah ... ʻalā Mukhtaṣar ... ʻUmar ibn al-Ḥusayn ... al-Khiraqī ...</subfield>
  </datafield>
  <datafield tag="260" ind1=" " ind2=" ">
    <subfield code="a">Cairo,</subfield>
    <subfield code="c">1341-48 A.H. [1923-1930]</subfield>
  </datafield>
  <datafield tag="300" ind1=" " ind2=" ">
    <subfield code="a">12 v.</subfield>
    <subfield code="c">29 cm.</subfield>
  </datafield>
  <datafield tag="500" ind1=" " ind2=" ">
    <subfield code="a">Title-page in v.1 follows prelim. sect. with special t.-p.: Tarjamāt ṣāḥib al-Mughnī ...</subfield>
  </datafield>
  <datafield tag="650" ind1=" " ind2="0">
    <subfield code="a">Islamic law.</subfield>
  </datafield>
  <datafield tag="700" ind1="1" ind2=" ">
    <subfield code="a">Khiraqī, ʻUmar ibn al-Ḥusayn,</subfield>
    <subfield code="d">-945 or 946.</subfield>
  </datafield>
  <datafield tag="740" ind1="0" ind2=" ">
    <subfield code="a">Tarjamāt ṣāḥib al-Mughnī ...</subfield>
  </datafield>
  <datafield tag="955" ind1=" " ind2=" ">
    <subfield code="b">0026815800</subfield>
    <subfield code="d">glx</subfield>
    <subfield code="e">893.799 Ib6</subfield>
    <subfield code="v">v.12</subfield>
  </datafield>
</record>
</collection>